@article {dirac1,
	author = {Dirac, P. A. M.},
	title = {The Quantum Theory of the Electron},
	volume = {117},
	number = {778},
	pages = {610--624},
	year = {1928},
	doi = {10.1098/rspa.1928.0023},
	publisher = {The Royal Society},
	issn = {0950-1207},
	journal = {Proceedings of the Royal Society of London A: Mathematical, Physical and Engineering Sciences}
}
@article {dirac2,
	author = {Dirac, P. A. M.},
	title = {The Quantum Theory of the Electron. Part II},
	volume = {118},
	number = {779},
	pages = {351--361},
	year = {1928},
	doi = {10.1098/rspa.1928.0056},
	publisher = {The Royal Society},
	issn = {0950-1207},
	journal = {Proceedings of the Royal Society of London A: Mathematical, Physical and Engineering Sciences}

}

@book {Strange,
	author ={Strange, Paul.},
	title = {Relativistic Quantum Mechanics with applications in condensed matter and atomic physics},
	year = {1998},
	publisher= {Cambridge University Press}, 
}
